<?xml version="1.0" encoding="UTF-8"?><record xmlns="http://www.loc.gov/MARC21/slim" xmlns:cinclude="http://apache.org/cocoon/include/1.0" xmlns:zs="http://www.loc.gov/zing/srw/">
  <leader>00464nz  a2200145n  4500</leader>
  <controlfield tag="001">n 2007225449</controlfield>
  <controlfield tag="003">DLC</controlfield>
  <controlfield tag="005">20111122074740.0</controlfield>
  <controlfield tag="008">111121n| acannaabn          |a aaa      </controlfield>
  <datafield tag="010" ind1=" " ind2=" ">
    <subfield code="a">n 2007225449</subfield>
  </datafield>
  <datafield tag="040" ind1=" " ind2=" ">
    <subfield code="a">DLC</subfield>
    <subfield code="b">eng</subfield>
    <subfield code="c">DLC</subfield>
  </datafield>
  <datafield tag="100" ind1="1" ind2=" ">
    <subfield code="a">Hartono, Lili,</subfield>
    <subfield code="d">1978-</subfield>
  </datafield>
  <datafield tag="400" ind1="0" ind2=" ">
    <subfield code="a">Lili Hartono,</subfield>
    <subfield code="d">1978-</subfield>
  </datafield>
  <datafield tag="670" ind1=" " ind2=" ">
    <subfield code="a">Kajian bahasa, sastra, dan budaya Jawa, 2011:</subfield>
    <subfield code="b">t.p. (Lili Hartono)</subfield>
  </datafield>
  <datafield tag="670" ind1=" " ind2=" ">
    <subfield code="a">LC database, Nov. 22, 2011</subfield>
    <subfield code="b">(MLC hdg.: Hartono, Lili, 1978-; usage: Lili Hartono)</subfield>
  </datafield>
</record>